<?xml version="1.0" encoding="UTF-8"?><collection xmlns="http://www.loc.gov/MARC21/slim"><record><leader>00377nam--2200145-i-4500</leader><controlfield tag="001">000045899</controlfield><controlfield tag="002">20161230</controlfield><controlfield tag="005">20161230201045</controlfield><controlfield tag="008">060222s1000------------r-----000-0-eng-d</controlfield><datafield ind1=" " ind2=" " tag="080"><subfield code="a">517.1(075.8)</subfield></datafield><datafield ind1=" " ind2=" " tag="100"><subfield code="a">Valiron, Georges</subfield></datafield><datafield ind1=" " ind2=" " tag="245"><subfield code="a">Theorie des fontions. 2-e edition</subfield></datafield><datafield ind1=" " ind2=" " tag="260"><subfield code="a">Paris, Masson Et C-ie, 1948, 522p</subfield></datafield><datafield ind1=" " ind2=" " tag="490"><subfield code="a">Cours D`Analyse Mathematique</subfield></datafield><datafield ind1=" " ind2=" " tag="852"><subfield code="a">2003</subfield></datafield></record></collection>